@book{texbook,
  author = {Donald E. Knuth},
  year = {1986},
  title = {The {\TeX} Book},
  publisher = {Addison-Wesley Professional}
}

@book{latex:companion,
  author = {Frank Mittelbach and Michel Gossens
            and Johannes Braams and David Carlisle
            and Chris Rowley},
  year = {2004},
  title = {The {\LaTeX} Companion},
  publisher = {Addison-Wesley Professional},
  edition = {2}
}

@book{latex2e,
  author = {Leslie Lamport},
  year = {1994},
  title = {{\LaTeX}: a Document Preparation System},
  publisher = {Addison Wesley},
  address = {Massachusetts},
  edition = {2}
}

@article{knuth:1984,
  title={Literate Programming},
  author={Donald E. Knuth},
  journal={The Computer Journal},
  volume={27},
  number={2},
  pages={97--111},
  year={1984},
  publisher={Oxford University Press}
}

@inproceedings{lesk:1977,
  title={Computer Typesetting of Technical Journals on {UNIX}},
  author={Michael Lesk and Brian Kernighan},
  booktitle={Proceedings of American Federation of
             Information Processing Societies: 1977
             National Computer Conference},
  pages={879--888},
  year={1977},
  address={Dallas, Texas}
}
#################################################################################################################
@thesis{mayer:2023,
  type={Bachelor's Thesis},
  title={Auslegung und Vergleich von kapazitiver und ablativer Kühlung für ein Raketentriebwerk},
  author={Jakob Mayer},
  year={2023},
  school={Technical University of Berlin}
}

@misc{Roots.jl,
  title = {{Roots.jl}: Root finding functions for Julia},
  author = {John Verzani},
  year = {2020},
  howpublished = {\url{https://github.com/JuliaMath/Roots.jl}}
}

@online{mojave_sphinx,
    author = "Austin Sennott, Charles Sharp",
    title = "Mojave Shpinx Liquid Bipropellant Rocket",
    url  = "https://drive.google.com/file/d/13P6fUgi3NFggM4idYEg7hZXxjjF5yiND/view",
    addendum = "(accessed: 25.08.2025)"
}

@online{SL_SS_Tubing,
    author = "swagelok",
    title = "Stainless Steel Seamless Tubing and Tube Support Systems",
    url = "https://www.swagelok.com/downloads/webcatalogs/en/ms-01-181.pdf",
    addendum = "(accessed: 28.08.2024)"
    }

@article{coolprop_article,
    author = {Bell, Ian H. and Wronski, Jorrit and Quoilin, Sylvain and Lemort, Vincent},
    title = {Pure and Pseudo-pure Fluid Thermophysical Property Evaluation and
             the Open-Source Thermophysical Property Library CoolProp},
    journal = {Industrial \& Engineering Chemistry Research},
    volume = {53},
    number = {6},
    pages = {2498--2508},
    year = {2014},
    doi = {10.1021/ie4033999},
    URL = {http://pubs.acs.org/doi/abs/10.1021/ie4033999},
    eprint = {http://pubs.acs.org/doi/pdf/10.1021/ie4033999},
    addendum = {Website: http://www.coolprop.org/}
    }

@book{Paschereit:2022,
    author =  {Heinz Schade and Ewald Kunz and Frank Kameier and Christian Oliver Paschereit},
    title = {Strömungslehre},
    publisher = {De Gruyter Studium},
    year = {2022},
    edition = {5},
    address = {Berlin and Boston}
}


@book{Zappe:2004,
    author =  {R.W. Zappe and Peter Smith},
    title = { Valve selection handbook : engineering fundamentals for selecting the right valve design for every industrial flow application},
    publisher = {Elsevier : Gulf Professional Pub.},
    year = {2004},
    edition = {5},
    address = {Amsterdam and Boston}
}

@book{roloff,
    title={Roloff/Matek Maschinenelemente 24. Auflage},
    author={Herbert Wittel},
    isbn={978-3-658-26279-2},
    year={2019},
    publisher={Springer Vieweg},
    keywords = {roloff}
}

@article{Grunberg-Nissan,
    author = {L Grunberg and Alfred H. Nissan},
    title = {Mixture Law for Viscosity} ,
    journal = {Nature},
    year = {1949},
    volume = {154},
    pages = {799 -- 800}
}

@book{wärmeatlas,
    author = {VDI-Gesellschaft Verfahrenstechnik und Chemieingenieurwesen},
    title = {VDI-Wärmeatlas},
    publisher = {Springer Vieweg},
    year = {2013},
    edition = {11},
    isbn={978-3-642-19981-3}
}

@article{DanischKrumbiegel2021,
  doi = {10.21105/joss.03349},
  url = {https://doi.org/10.21105/joss.03349},
  year = {2021},
  publisher = {The Open Journal},
  volume = {6},
  number = {65},
  pages = {3349},
  author = {Simon Danisch and Julius Krumbiegel},
  title = {{Makie.jl}: Flexible high-performance data visualization for {Julia}},
  journal = {Journal of Open Source Software}
}

@book{Sutton:2021,
    author = {George P. Sutton and Oscar Biblarz},
    title = {Rocket Propulsion Elements},
    publisher = {John Wiley & Sons},
    year = {2010},
    edition = {8},
    isbn={978-0-470-08024-5}
}

@online{mail,
    author = {the manufacturer},
    title = {An EMAIL}
}

@online{thermite_types,
    author = "Richard Nakka",
    title = "Thermite Experiments",
    url = {https://www.nakka-rocketry.net/thermites.html },
    addendum = "(accessed: 14.11.2024)"
    }

@online{glenn,
    author = "NASA - Glenn Research Center Cleveland, OH 44135",
    title = "GLENN RESEARCH CENTER, SAFETY MANUAL - Chapter 5
Oxygen",
    url = {https://www1.grc.nasa.gov/wp-content/uploads/chapter_05.pdf},
    addendum = "(accessed: 15.11.2024)"
    }